%% This BibTeX bibliography file was created using BibDesk.
%% http://bibdesk.sourceforge.net/


%% Created for Juste Raimbault at 2017-02-25 18:25:49 +0100 


%% Saved with string encoding Occidental (ISO Latin 1) 



@article{combes2005transport,
	Author = {Combes, Pierre-Philippe and Lafourcade, Miren},
	Journal = {Journal of Economic Geography},
	Number = {3},
	Pages = {319--349},
	Publisher = {Oxford Univ Press},
	Title = {Transport costs: measures, determinants, and regional policy implications for France},
	Volume = {5},
	Year = {2005}}

@article{gregg2009temporal,
	Author = {Gregg, Jay S and Losey, London M and Andres, Robert J and Blasing, TJ and Marland, Gregg},
	Journal = {Journal of Applied Meteorology and Climatology},
	Number = {12},
	Pages = {2528--2542},
	Title = {The temporal and spatial distribution of carbon dioxide emissions from fossil-fuel use in North America},
	Volume = {48},
	Year = {2009}}

@article{macharis2010decision,
	Author = {Macharis, Cathy and Van Hoeck, Ellen and Pekin, Ethem and Van Lier, Tom},
	Journal = {Transportation Research Part A: Policy and Practice},
	Number = {7},
	Pages = {550--561},
	Publisher = {Elsevier},
	Title = {A decision analysis framework for intermodal transport: Comparing fuel price increases and the internalisation of external costs},
	Volume = {44},
	Year = {2010}}

@article{rietveld2005fuel,
	Author = {Rietveld, Piet and van Woudenberg, Stefan},
	Journal = {Energy Economics},
	Number = {1},
	Pages = {79--92},
	Publisher = {Elsevier},
	Title = {Why fuel prices differ},
	Volume = {27},
	Year = {2005}}

@article{rietveld2001spatial,
	Author = {Rietveld, Piet and Bruinsma, FR and Van Vuuren, DJ},
	Journal = {Transportation Research Part A: Policy and Practice},
	Number = {5},
	Pages = {433--457},
	Publisher = {Elsevier},
	Title = {Spatial graduation of fuel taxes; consequences for cross-border and domestic fuelling},
	Volume = {35},
	Year = {2001}}
